<?xml version="1.0" encoding="UTF-8"?>
<record xmlns="http://www.loc.gov/MARC21/slim" xmlns:xsi="http://www.w3.org/2001/XMLSchema-instance" xsi:schemaLocation="http://www.loc.gov/MARC21/slim http://www.loc.gov/standards/marcxml/schema/MARC21slim.xsd">
<leader>     nam a22002890  4500</leader>
<controlfield tag="001">002774017</controlfield>
<controlfield tag="003">NNU</controlfield>
<controlfield tag="005">19940713181853.0</controlfield>
<controlfield tag="008">860728m19269999ua       bc  f000 0 arar</controlfield>
<datafield tag="010" ind1=" " ind2=" ">
<subfield code="a">86885071/NE</subfield>
</datafield>
<datafield tag="035" ind1="9" ind2=" ">
<subfield code="a">NYUb10476662</subfield>
</datafield>
<datafield tag="035" ind1=" " ind2=" ">
<subfield code="a">(CStRLIN)NYUG86-B26351</subfield>
</datafield>
<datafield tag="035" ind1=" " ind2=" ">
<subfield code="a">GLIS00476662X</subfield>
</datafield>
<datafield tag="040" ind1=" " ind2=" ">
<subfield code="d">NNU</subfield>
</datafield>
<datafield tag="043" ind1=" " ind2=" ">
<subfield code="a">f-ua---</subfield>
</datafield>
<datafield tag="050" ind1="0" ind2=" ">
<subfield code="a">Z965</subfield>
<subfield code="b">.C1378</subfield>
</datafield>
<datafield tag="090" ind1=" " ind2=" ">
<subfield code="i">07/28/86 CT</subfield>
</datafield>
<datafield tag="110" ind1="2" ind2=" ">
<subfield code="a">Dār al-Kutub al-Miṣrīyah.</subfield>
<subfield code="b">Qism al-Fahāris al-ʻArabīyah.</subfield>
</datafield>
<datafield tag="245" ind1="1" ind2="0">
<subfield code="a">Fihris al-kutub al-ʻArabīyah al-mawjūdah bi-al-Dār.</subfield>
</datafield>
<datafield tag="260" ind1=" " ind2=" ">
<subfield code="a">Al-Qāhirah,</subfield>
<subfield code="b">Maṭbaʻat Dār al-Kutub al-Miṣrīyah,</subfield>
<subfield code="c">1926-</subfield>
</datafield>
<datafield tag="300" ind1=" " ind2=" ">
<subfield code="a">v. ;</subfield>
<subfield code="c">28 cm.</subfield>
</datafield>
<datafield tag="500" ind1=" " ind2=" ">
<subfield code="a">Vols. 7-9 have title: Fihris bi-al-kutub al-ʻArabīyah allatī waradat ʻalá al-Dār.</subfield>
</datafield>
<datafield tag="505" ind1="1" ind2=" ">
<subfield code="a">al-juzʼ 2. ʻUlūm al-Lughah al-ʻArabīyah, wa-al waḍʻ, wa-al-ṣarf, wa-al-naḥw, wa-al-baāghah, wa-al-ʻarūḍ al-qawāfī -- al-juzʼ 3.al-Qism al-awwal min fihris ādāb al-lughah al-ʻArabīyah -- al-juzʼ 6. Fahāris funūn al-āthār wa-al-jughrāfīyah, wa-al-aṭālis wa-al-khurut, wa-al-zirāʻahwa-alrayy, wa-al-tijārah, wa-al-ṣināʻāt, wa-al-maʻārif al-ʻāmmah -- al-juzʼ 7. al-Qism al-awwal min malāḥiq ʻulūm al-lughah al-ʻArabīyah, wa-al-waḍʻ, wa-al-ṣarf, wa-al-naḥw, wa-ụlūm al-balāghah, wa-ʻilmay al-ʻarūḍ wa-al-qawāfī, wa-al-ādāb wa-al-riwāyāt, wa-qiṣaṣ -- al-juzʻ 8. al-Mulḥaq al-thānī li-ʻilm al-tārīkh -- al-juzʻ 9. al-Mulḥaq al-thālith li-fahāris ādāb al-lughag al-ʻArabīyah.</subfield>
</datafield>
<datafield tag="610" ind1="2" ind2="0">
<subfield code="a">Dār al-Kutub al-Miṣrīyah</subfield>
<subfield code="v">Catalogs.</subfield>
</datafield>
<datafield tag="650" ind1=" " ind2="0">
<subfield code="a">Arabic imprints</subfield>
<subfield code="v">Catalogs.</subfield>
</datafield>
<datafield tag="740" ind1="0" ind2=" ">
<subfield code="a">Fihris bi-al-kutub al-ʻArabīyah allatī waradat ʻalá al-Dār.</subfield>
</datafield>
<datafield tag="OWN" ind1=" " ind2=" ">
<subfield code="a">GENERAL</subfield>
</datafield>
<datafield tag="950" ind1=" " ind2=" ">
<subfield code="l">BMAIN</subfield>
<subfield code="a">Z965</subfield>
<subfield code="b">.C35 1926</subfield>
<subfield code="n">455:sl Unanalyzed</subfield>
<subfield code="i">07/28/86 C</subfield>
</datafield>
<datafield tag="955" ind1=" " ind2=" ">
<subfield code="l">BMAIN</subfield>
<subfield code="c">1:v.4</subfield>
<subfield code="i">07/28/86 C</subfield>
</datafield>
<datafield tag="AVA" ind1=" " ind2=" ">
<subfield code="a">NYU50</subfield>
<subfield code="b">BOBST</subfield>
<subfield code="c">Main Collection</subfield>
<subfield code="d">Z965 .C35 1926</subfield>
<subfield code="e">unavailable</subfield>
<subfield code="t">Unavailable</subfield>
<subfield code="f">1</subfield>
<subfield code="g">1</subfield>
<subfield code="h">Y</subfield>
<subfield code="i">1</subfield>
<subfield code="j">MAIN</subfield>
<subfield code="k">0</subfield>
</datafield>
</record>
